@book{bookofproof,
    author    = {Richard Hammack},
    publisher = {Richard Hammack},
    title     = {Book of Proof},
    year      = {2018},
    edition   = {3rd Edition}
}

@book{naivesettheory,
    author    = {Paul R. Halmos},
    publisher = {Springer},
    title     = {Naive Set Theory},
    year      = {1998}
}

@book{understandinganalysis,
    author    = {Stephen Abbott},
    publisher = {Springer},
    title     = {Understanding Analysis},
    edition   = {2nd Edition},
    year      = {2015}
}

@book{elemrealandcomplex,
    author     = {Georgi E. Shilov},
    publisher  = {Dover},
    title      = {Elementary Real and Complex Analysis},
    year       = {1973},
    translator = {Richard A. Silverman}
}

@book{spivakcalculus,
    author = {Michael Spivak},
    publisher = {Publish or Perish, Inc.},
    title = {Calculus},
    edition = {4th Edition},
    year = {2008}
}

@book{stewartcalculus,
    author = {James Stewart},
    publisher = {Cengage Learning, Inc.},
    title = {Calculus: Early Transcendentals},
    edition = {9th Edition, Metric},
    year = {2020}
}

@book{thomascalculus,
    author = {George B. Thomas Jr.},
    publisher = {Pearson},
    title = {Thomas' Calculus - Early Transcendentals},
    edition = {14th Edition},
    year = {2018}
}